

%trick for sorting with van and von
@preamble{"\newcommand{\SortNoop}[1]{}"}


@inproceedings{rishabh2020multiobjective,
    author = {Mehrotra, Rishabh and Xue, Niannan and Lalmas, Mounia},
    title = {Bandit Based Optimization of Multiple Objectives on a Music Streaming Platform},
    year = {2020},
    isbn = {9781450379984},
    publisher = {Association for Computing Machinery},
    address = {New York, NY, USA},
    url = {https://doi.org/10.1145/3394486.3403374},
    doi = {10.1145/3394486.3403374},
    booktitle = {Proceedings of the 26th ACM SIGKDD International Conference on Knowledge Discovery and Data Mining},
    pages = {3224–3233},
    numpages = {10},
    keywords = {recommendations, marketplace, multi-objective bandits},
    location = {Virtual Event, CA, USA},
    series = {KDD '20}
}
@article{haldar2020improving,
    title={Improving Deep Learning For Airbnb Search},
    author={Haldar, Malay and Abdool, Mustafa and Ramanathan, Prashant and Sax, Tyler and Zhang, Lanbo and Mansawala, Aamir and Yang, Shulin and Turnbull, Bradley and Liao, Junshuo},
    journal={arXiv preprint arXiv:2002.05515},
    year={2020}
}
@article{zhang2020general,
    title={General-Purpose User Embeddings based on Mobile App Usage},
    author={Zhang, Junqi and Bai, Bing and Lin, Ye and Liang, Jian and Bai, Kun and Wang, Fei},
    journal={arXiv preprint arXiv:2005.13303},
    year={2020}
}
@inproceedings{yan2020ads,
    author = {Yan, Jinyun and Xu, Zhiyuan and Tiwana, Birjodh and Chatterjee, Shaunak},
    title = {Ads Allocation in Feed via Constrained Optimization},
    year = {2020},
    isbn = {9781450379984},
    publisher = {Association for Computing Machinery},
    address = {New York, NY, USA},
    url = {https://doi.org/10.1145/3394486.3403391},
    doi = {10.1145/3394486.3403391},
    booktitle = {Proceedings of the 26th ACM SIGKDD International Conference on Knowledge Discovery and Data Mining},
    pages = {3386–3394},
    numpages = {9},
    keywords = {user feedback modeling, social networks, constrained optimization, computational advertising},
    location = {Virtual Event, CA, USA},
    series = {KDD '20}
}
@article{jandial2020retrospective,
    title={Retrospective Loss: Looking Back to Improve Training of Deep Neural Networks},
    author={Jandial, Surgan and Chopra, Ayush and Sarkar, Mausoom and Gupta, Piyush and Krishnamurthy, Balaji and Balasubramanian, Vineeth},
    journal={arXiv preprint arXiv:2006.13593},
    year={2020}
}