@article{haldar2020improving,
    title={Improving Deep Learning For Airbnb Search},
    author={Haldar, Malay and Abdool, Mustafa and Ramanathan, Prashant and Sax, Tyler and Zhang, Lanbo and Mansawala, Aamir and Yang, Shulin and Turnbull, Bradley and Liao, Junshuo},
    journal={arXiv preprint arXiv:2002.05515},
    url={https://arxiv.org/pdf/2002.05515.pdf},
    year={2020}
}
@article{jandial2020retrospective,
    title={Retrospective Loss: Looking Back to Improve Training of Deep Neural Networks},
    author={Jandial, Surgan and Chopra, Ayush and Sarkar, Mausoom and Gupta, Piyush and Krishnamurthy, Balaji and Balasubramanian, Vineeth},
    journal={arXiv preprint arXiv:2006.13593},
    url={https://arxiv.org/pdf/2006.13593.pdf},
    year={2020}
}