@inproceedings{yan2020ads,
    author = {Yan, Jinyun and Xu, Zhiyuan and Tiwana, Birjodh and Chatterjee, Shaunak},
    title = {Ads Allocation in Feed via Constrained Optimization},
    year = {2020},
    isbn = {9781450379984},
    publisher = {Association for Computing Machinery},
    address = {New York, NY, USA},
    url = {https://dl.acm.org/doi/pdf/10.1145/3394486.3403391},
    doi = {10.1145/3394486.3403391},
    booktitle = {Proceedings of the 26th ACM SIGKDD International Conference on Knowledge Discovery and Data Mining},
    pages = {3386â€“3394},
    numpages = {9},
    keywords = {user feedback modeling, social networks, constrained optimization, computational advertising},
    location = {Virtual Event, CA, USA},
    series = {KDD '20}
}