@inproceedings{rishabh2020multiobjective,
    author = {Mehrotra, Rishabh and Xue, Niannan and Lalmas, Mounia},
    title = {Bandit Based Optimization of Multiple Objectives on a Music Streaming Platform},
    year = {2020},
    isbn = {9781450379984},
    publisher = {Association for Computing Machinery},
    address = {New York, NY, USA},
    url = {https://dl.acm.org/doi/pdf/10.1145/3394486.3403374},
    doi = {10.1145/3394486.3403374},
    booktitle = {Proceedings of the 26th ACM SIGKDD International Conference on Knowledge Discovery and Data Mining},
    pages = {3224â€“3233},
    numpages = {10},
    keywords = {recommendations, marketplace, multi-objective bandits},
    location = {Virtual Event, CA, USA},
    series = {KDD '20}
}
@article{abdool2020managing,
  title={Managing Diversity in Airbnb Search},
  author={Abdool, Mustafa and Haldar, Malay and Ramanathan, Prashant and Sax, Tyler and Zhang, Lanbo and Mansawala, Aamir and Yang, Shulin and Legrand, Thomas},
  journal={arXiv preprint arXiv:2004.02621},
  url={https://arxiv.org/pdf/2004.02621.pdf},
  year={2020}
}
@inproceedings{mikolov2013distributed,
  title={Distributed representations of words and phrases and their compositionality},
  author={Mikolov, Tomas and Sutskever, Ilya and Chen, Kai and Corrado, Greg S and Dean, Jeff},
  booktitle={Advances in neural information processing systems},
  pages={3111--3119},
  year={2013}
}
@inproceedings{kong2020learning,
  title={Learning to Cluster Documents into Workspaces Using Large Scale Activity Logs},
  author={Kong, Weize and Bendersky, Michael and Najork, Marc and Vargo, Brandon and Colagrosso, Mike},
  booktitle={Proceedings of the 26th ACM SIGKDD International Conference on Knowledge Discovery \& Data Mining},
  pages={2416--2424},
  url={https://dl.acm.org/doi/abs/10.1145/3394486.3403291},
  year={2020}
}